
<record>
  <controlfield tag="001">1757665</controlfield>
  <datafield tag="024" ind1="7" ind2=" ">
    <subfield code="2">DOI</subfield>
    <subfield code="9">IEEE</subfield>
    <subfield code="a">10.1109/NSSMIC.2018.8824331</subfield>
  </datafield>
  <datafield tag="035" ind1=" " ind2=" ">
    <subfield code="9">INSPIRETeX</subfield>
    <subfield code="a">Cossio:2018gfz</subfield>
  </datafield>
  <datafield tag="035" ind1=" " ind2=" ">
    <subfield code="9">DESY</subfield>
    <subfield code="z">DA19-kp42ad</subfield>
  </datafield>
  <datafield tag="245" ind1=" " ind2=" ">
    <subfield code="9">IEEE</subfield>
    <subfield code="a">Optimization of the reconstruction algorithm in triple-GEM detector</subfield>
  </datafield>
</record>