
<record>
  <controlfield tag="001">1744687</controlfield>
  <datafield tag="024" ind1="7" ind2=" ">
    <subfield code="2">DOI</subfield>
    <subfield code="9">IEEE</subfield>
    <subfield code="a">10.1109/UCC-Companion.2018.00018</subfield>
  </datafield>
  <datafield tag="035" ind1=" " ind2=" ">
    <subfield code="9">INSPIRETeX</subfield>
    <subfield code="a">Avati:2018zav</subfield>
  </datafield>
  <datafield tag="035" ind1=" " ind2=" ">
    <subfield code="9">DESY</subfield>
    <subfield code="z">DA19-kp32g</subfield>
  </datafield>
  <datafield tag="035" ind1=" " ind2=" ">
    <subfield code="9">CDS</subfield>
    <subfield code="a">2706003</subfield>
  </datafield>
  <datafield tag="245" ind1=" " ind2=" ">
    <subfield code="9">IEEE</subfield>
    <subfield code="a">Big Data Tools and Cloud Services for High Energy Physics Analysis in TOTEM Experiment</subfield>
  </datafield>
</record>

</collection>